@article{Zhang:2015fya,
      author         = "Zhang, Chao",
      title          = "{Recent Results From The Daya Bay Experiment}",
      collaboration  = "for the Daya Bay Collaboration",
      year           = "2015",
      eprint         = "1501.04991",
      archivePrefix  = "arXiv",
      primaryClass   = "hep-ex",
      SLACcitation   = "%%CITATION = ARXIV:1501.04991;%%",
}

@article{Abe:2014bwa,
      author         = "Abe, Y. and others",
      title          = "{Improved measurements of the neutrino mixing angle
                        $\theta_{13}$ with the Double Chooz detector}",
      collaboration  = "Double Chooz Collaboration",
      journal        = "JHEP",
      volume         = "1410",
      pages          = "86",
      doi            = "10.1007/JHEP10(2014)086",
      year           = "2014",
      eprint         = "1406.7763",
      archivePrefix  = "arXiv",
      primaryClass   = "hep-ex",
      SLACcitation   = "%%CITATION = ARXIV:1406.7763;%%",
}

@article{Adamson:2014vgd,
      author         = "Adamson, P. and others",
      title          = "{Combined analysis of $\nu_{\mu}$ disappearance and
                        $\nu_{\mu} \rightarrow \nu_{e}$ appearance in MINOS using
                        accelerator and atmospheric neutrinos}",
      collaboration  = "MINOS Collaboration",
      journal        = "Phys.Rev.Lett.",
      volume         = "112",
      pages          = "191801",
      doi            = "10.1103/PhysRevLett.112.191801",
      year           = "2014",
      eprint         = "1403.0867",
      archivePrefix  = "arXiv",
      primaryClass   = "hep-ex",
      reportNumber   = "FERMILAB-PUB-14-028-E-PPD",
      SLACcitation   = "%%CITATION = ARXIV:1403.0867;%%",
}

@article{Abe:2015awa,
      author         = "Abe, K. and others",
      title          = "{Measurements of neutrino oscillation in appearance and
                        disappearance channels by the T2K experiment with 6.6E20
                        protons on target}",
      collaboration  = "T2K Collaboration",
      year           = "2015",
      eprint         = "1502.01550",
      archivePrefix  = "arXiv",
      primaryClass   = "hep-ex",
      SLACcitation   = "%%CITATION = ARXIV:1502.01550;%%",
}

@article{Wendell:2014dka,
      author         = "Wendell, Roger",
      title          = "{Atmospheric Results from Super-Kamiokande}",
      collaboration  = "for the Super-Kamiokande Collaboration",
      year           = "2014",
      eprint         = "1412.5234",
      archivePrefix  = "arXiv",
      primaryClass   = "hep-ex",
      SLACcitation   = "%%CITATION = ARXIV:1412.5234;%%",
}

@article{Aartsen:2014yll,
      author         = "Aartsen, M.G. and others",
      title          = "{Determining neutrino oscillation parameters from
                        atmospheric muon neutrino disappearance with three years
                        of IceCube DeepCore data}",
      collaboration  = "IceCube Collaboration",
      year           = "2014",
      eprint         = "1410.7227",
      archivePrefix  = "arXiv",
      primaryClass   = "hep-ex",
      SLACcitation   = "%%CITATION = ARXIV:1410.7227;%%",
}

@article{Walton:2014esl,
      author         = "Walton, T. and others",
      title          = "{Measurement of muon plus proton final states in
                        $\nu_{\mu}$ Interactions on Hydrocarbon at $< E_{\nu} >$ =
                        4.2 GeV}",
      collaboration  = "MINERvA Collaboration",
      year           = "2014",
      eprint         = "1409.4497",
      archivePrefix  = "arXiv",
      primaryClass   = "hep-ex",
      reportNumber   = "FERMILAB-PUB-14-330-E",
      SLACcitation   = "%%CITATION = ARXIV:1409.4497;%%",
}

@article{Gazdzicki:2014bxa,
      author         = "Gazdzicki, Marek",
      title          = "{Recent results from NA61/SHINE}",
      collaboration  = "NA61/SHINE Collaboration",
      year           = "2014",
      eprint         = "1412.4243",
      archivePrefix  = "arXiv",
      primaryClass   = "hep-ex",
      SLACcitation   = "%%CITATION = ARXIV:1412.4243;%%",
}

@article{Bhadra:2014oma,
      author         = "Bhadra, S. and others",
      title          = "{Letter of Intent to Construct a nuPRISM Detector in the
                        J-PARC Neutrino Beamline}",
      collaboration  = "nuPRISM Collaboration",
      year           = "2014",
      eprint         = "1412.3086",
      archivePrefix  = "arXiv",
      primaryClass   = "physics.ins-det",
      SLACcitation   = "%%CITATION = ARXIV:1412.3086;%%",
}

@article{Berns:2013usa,
      author         = "Berns, H. and others",
      title          = "{The CAPTAIN Detector and Physics Program}",
      collaboration  = "The CAPTAIN Collaboration",
      year           = "2013",
      eprint         = "1309.1740",
      archivePrefix  = "arXiv",
      primaryClass   = "physics.ins-det",
      SLACcitation   = "%%CITATION = ARXIV:1309.1740;%%",
}

@article{Beacom:2003nk,
      author         = "Beacom, John F. and Vagins, Mark R.",
      title          = "{GADZOOKS! Anti-neutrino spectroscopy with large water
                        Cherenkov detectors}",
      journal        = "Phys.Rev.Lett.",
      volume         = "93",
      pages          = "171101",
      doi            = "10.1103/PhysRevLett.93.171101",
      year           = "2004",
      eprint         = "hep-ph/0309300",
      archivePrefix  = "arXiv",
      primaryClass   = "hep-ph",
      reportNumber   = "FERMILAB-PUB-03-249-A",
      SLACcitation   = "%%CITATION = HEP-PH/0309300;%%",
}

@article{AguilarArevalo:2010zc,
      author         = "Aguilar-Arevalo, A.A. and others",
      title          = "{First Measurement of the Muon Neutrino Charged Current
                        Quasielastic Double Differential Cross Section}",
      collaboration  = "MiniBooNE Collaboration",
      journal        = "Phys.Rev.",
      volume         = "D81",
      pages          = "092005",
      doi            = "10.1103/PhysRevD.81.092005",
      year           = "2010",
      SLACcitation   = "%%CITATION = ARXIV:1002.2680;%%",
}
    
@article{AguilarArevalo:2007it,
      author         = "Aguilar-Arevalo, A.A. and others",
      title          = "{A Search for electron neutrino appearance at the $\Delta
                        m^{2} \sim 1$eV$^{2}$ scale}",
      collaboration  = "MiniBooNE Collaboration",
      journal        = "Phys.Rev.Lett.",
      volume         = "98",
      pages          = "231801",
      doi            = "10.1103/PhysRevLett.98.231801",
      year           = "2007",
      eprint         = "0704.1500",
      archivePrefix  = "arXiv",
      primaryClass   = "hep-ex",
      reportNumber   = "FERMILAB-PUB-07-085-E, LA-UR-07-2246",
      SLACcitation   = "%%CITATION = ARXIV:0704.1500;%%",
}

@article{Amaro:2010sd,
      author         = "Amaro, J.E. and Barbaro, M.B. and Caballero, J.A. and
                        Donnelly, T.W. and Williamson, C.F.",
      title          = "{Meson-exchange currents and quasielastic neutrino cross
                        sections in the SuperScaling Approximation model}",
      journal        = "Phys.Lett.",
      volume         = "B696",
      pages          = "151-155",
      doi            = "10.1016/j.physletb.2010.12.007",
      year           = "2011",
      SLACcitation   = "%%CITATION = ARXIV:1010.1708;%%",
}

@article{Hiraide:2006zq,
      author         = "Hiraide, K.",
      title          = "{The SciBar detector at FNAL booster neutrino
                        experiment}",
      collaboration  = "SciBooNE Collaboration",
      journal        = "Nucl.Phys.Proc.Suppl.",
      volume         = "159",
      pages          = "85-90",
      doi            = "10.1016/j.nuclphysbps.2006.08.052",
      year           = "2006",
      SLACcitation   = "%%CITATION = NUPHZ,159,85;%%",
}

@article{Amaro:2008hd,
      author         = "Amaro, J.E. and Hernandez, E. and Nieves, J. and
                        Valverde, M.",
      title          = "{Theoretical study of neutrino-induced coherent pion
                        production off nuclei at T2K and MiniBooNE energies}",
      journal        = "Phys.Rev.",
      volume         = "D79",
      pages          = "013002",
      doi            = "10.1103/PhysRevD.79.013002",
      year           = "2009",
      eprint         = "0811.1421",
      archivePrefix  = "arXiv",
      primaryClass   = "hep-ph",
      SLACcitation   = "%%CITATION = ARXIV:0811.1421;%%",
}

@article{Nieves:2011yp,
      author         = "Nieves, J. and Ruiz Simo, I. and Vicente Vacas, M.J.",
      title          = "{The nucleon axial mass and the MiniBooNE Quasielastic
                        Neutrino-Nucleus Scattering problem}",
      journal        = "Phys.Lett.",
      volume         = "B707",
      pages          = "72-75",
      doi            = "10.1016/j.physletb.2011.11.061",
      year           = "2012",
      SLACcitation   = "%%CITATION = ARXIV:1106.5374;%%",
}

@article{Martini:2011wp,
      author         = "Martini, M. and Ericson, M. and Chanfray, G.",
      title          = "{Neutrino quasielastic interaction and nuclear dynamics}",
      journal        = "Phys.Rev.",
      volume         = "C84",
      pages          = "055502",
      doi            = "10.1103/PhysRevC.84.055502",
      year           = "2011",
 
}

@article{Hernandez:2010jf,
      author         = "Hernandez, E. and Nieves, J. and Valverde, M.",
      title          = "{Coherent pion production off nuclei at T2K and MiniBooNE
                        energies revisited}",
      journal        = "Phys.Rev.",
      volume         = "D82",
      pages          = "077303",
      doi            = "10.1103/PhysRevD.82.077303",
      year           = "2010",
      eprint         = "1007.3685",
      archivePrefix  = "arXiv",
      primaryClass   = "hep-ph",
      SLACcitation   = "%%CITATION = ARXIV:1007.3685;%%",
}

@article{Martini:2009uj,
      author         = "Martini, M. and Ericson, M. and Chanfray, G. and Marteau,
                        J.",
      title          = "{A Unified approach for nucleon knock-out, coherent and
                        incoherent pion production in neutrino interactions with
                        nuclei}",
      journal        = "Phys.Rev.",
      volume         = "C80",
      pages          = "065501",
      doi            = "10.1103/PhysRevC.80.065501",
      year           = "2009",
      eprint         = "0910.2622",
      archivePrefix  = "arXiv",
      primaryClass   = "nucl-th",
      reportNumber   = "LYCEN-2009-10, CERN-TH-PH-2009-192, CERN-PH-TH-2009-192",
      SLACcitation   = "%%CITATION = ARXIV:0910.2622;%%",
}

@Article{Acciarri:2014,
 author        = "Acciarri, R. and others",
 collaboration = "ArgoNeuT Collaboration",
 title         = "Detection of back-to-back proton pairs in charged-current neutrino
interactions with the ArgoNeuT detector in the NuMI low energy beam line",
 journal       = "Phys. Rev.",
 volume        = "D90",
 pages         = "012008",
 year          = "2014",
 eprint        = "1405.4261",
 primaryClass   = "nucl-ex", 
 archivePrefix = "arXiv",
  SLACcitation   = "%%CITATION = ARXIV:1405.4261;%%",
}

@misc{t2k,      
      author  = "{T2K Collaboration}",
      howpublished  = {\url{http://t2k-experiment.org}}
}

@misc{miniboone,      
      author  = "{MiniBooNE Collaboration}",
      howpublished   = {\url{http://www-boone.fnal.gov}}
}

@misc{sciboone,      
      author  = "{SciBooNE Collaboration}",
      howpublished   = {\url{http://www-sciboone.fnal.gov/}}
}

@article{Abe:2014nox,
      author         = "Abe, K. and others",
      title          = "{Measurement of the inclusive $\nu_{\mu}$ charged current
                        cross section on iron and hydrocarbon in the T2K on-axis
                        neutrino beam}",
      collaboration  = "T2K Collaboration",
      journal        = "Phys.Rev.",
      number         = "5",
      volume         = "D90",
      pages          = "052010",
      doi            = "10.1103/PhysRevD.90.052010",
      year           = "2014",
      eprint         = "1407.4256",
      archivePrefix  = "arXiv",
      primaryClass   = "hep-ex",
      SLACcitation   = "%%CITATION = ARXIV:1407.4256;%%",
}

@misc{minerva,      
      author  = "{MINERvA Collaboration}",
      howpublished   = "\url{http://minerva.fnal.gov/}",
}

@misc{minos,      
      author  = "{MINOS Collaboration}",
      howpublished   = {\url{http://www-numi.fnal.gov/}}
}

@article{Adams:2013uaa,
      author         = "Adams, C. and others",
      title          = "{LAr1-ND: Testing Neutrino Anomalies with Multiple LArTPC
                        Detectors at Fermilab}",
      collaboration  = "LArTPC Collaboration",
      year           = "2013",
      eprint         = "1309.7987",
      archivePrefix  = "arXiv",
      primaryClass   = "physics.ins-det",
      SLACcitation   = "%%CITATION = ARXIV:1309.7987;%%",
}

@article{Perdrisat:2006hj,
      author         = "Perdrisat, C.F. and Punjabi, V. and Vanderhaeghen, M.",
      title          = "{Nucleon Electromagnetic Form Factors}",
      journal        = "Prog.Part.Nucl.Phys.",
      volume         = "59",
      pages          = "694-764",
      doi            = "10.1016/j.ppnp.2007.05.001",
      year           = "2007",
      eprint         = "hep-ph/0612014",
      archivePrefix  = "arXiv",
      primaryClass   = "hep-ph",
      reportNumber   = "WM-06-115, JLAB-THY-06-595",
      SLACcitation   = "%%CITATION = HEP-PH/0612014;%%",
}

@article{Bhattacharya:2011ah,
      author         = "Bhattacharya, Bhubanjyoti and Hill, Richard J. and Paz,
                        Gil",
      title          = "{Model independent determination of the axial mass
                        parameter in quasielastic neutrino-nucleon scattering}",
      journal        = "Phys.Rev.",
      volume         = "D84",
      pages          = "073006",
      doi            = "10.1103/PhysRevD.84.073006",
      year           = "2011",
      eprint         = "1108.0423",
      archivePrefix  = "arXiv",
      primaryClass   = "hep-ph",
      reportNumber   = "EFI-11-23",
      SLACcitation   = "%%CITATION = ARXIV:1108.0423;%%",
}

@article{Tice:2014pgu,
      author         = "Tice, B.G. and others",
      title          = "{Measurement of Ratios of $\nu_{\mu}$ Charged-Current
                        Cross Sections on C, Fe, and Pb to CH at Neutrino Energies
                        2-20 GeV}",
      collaboration  = "MINERvA Collaboration",
      journal        = "Phys.Rev.Lett.",
      number         = "23",
      volume         = "112",
      pages          = "231801",
      doi            = "10.1103/PhysRevLett.112.231801",
      year           = "2014",
      eprint         = "1403.2103",
      archivePrefix  = "arXiv",
      primaryClass   = "hep-ex",
      reportNumber   = "FERMILAB-PUB-14-025-E",
      SLACcitation   = "%%CITATION = ARXIV:1403.2103;%%",
}

@article{NNIC-white,
	author     = "Lovato, A. and others",
	title	   = "Quantum Monte Carlo Methods for Neutrino-nucleus Interactions",
        year       = "2014",
    reportNumber   = "FERMILAB-FN-0997-ND-T"   
}

@article{Lovato:2014eva,
      author         = "Lovato, A. and Gandolfi, S. and Carlson, J. and Pieper,
                        Steven C. and Schiavilla, R.",
      title          = "{Neutral weak current two-body contributions in inclusive
                        scattering from $^{12}$C}",
      journal        = "Phys.Rev.Lett.",
      number         = "18",
      volume         = "112",
      pages          = "182502",
      doi            = "10.1103/PhysRevLett.112.182502",
      year           = "2014",
      eprint         = "1401.2605",
      archivePrefix  = "arXiv",
      primaryClass   = "nucl-th",
      reportNumber   = "JLAB-THY-13-1829",
      SLACcitation   = "%%CITATION = ARXIV:1401.2605;%%",
}

@Article{1412.3081,
 author        = "J. Carlson and others",
 title         = "Quantum Monte Carlo methods for nuclear physics",
 year          = "2014",
 eprint        = "1412.3081",
 archivePrefix = "arXiv",
 primaryClass  = "nucl-th",
}

@article{Lovato:2015qka,
      author         = "Lovato, A. and Gandolfi, S. and Carlson, J. and Pieper,
                        Steven C. and Schiavilla, R.",
      title          = "{Electromagnetic and neutral-weak response functions of
                        4He and 12C}",
      year           = "2015",
      eprint         = "1501.01981",
      archivePrefix  = "arXiv",
      primaryClass   = "nucl-th",
      reportNumber   = "LA-UR-15-20031, JLAB-THY-14-1995",
      SLACcitation   = "%%CITATION = ARXIV:1501.01981;%%",
}  
    
@article{bib:SOX,
      author         = "Bellini, G. and others",
      title          = "{SOX: Short distance neutrino Oscillations with
                        BoreXino}",
      collaboration  = "Borexino Collaboration",
      journal        = "JHEP",
      volume         = "1308",
      pages          = "038",
      doi            = "10.1007/JHEP08(2013)038",
      year           = "2013",
      eprint         = "1304.7721",
      archivePrefix  = "arXiv",
      primaryClass   = "physics.ins-det",
      SLACcitation   = "%%CITATION = ARXIV:1304.7721;%%",
}

@article{bib:CL,
      author         = "Gando, A. and others",
      title          = "{CeLAND: search for a 4th light neutrino state with a 3
                        PBq 144Ce-144Pr electron antineutrino generator in
                        KamLAND}",
      year           = "2013",
      eprint         = "1312.0896",
      archivePrefix  = "arXiv",
      primaryClass   = "physics.ins-det",
      SLACcitation   = "%%CITATION = ARXIV:1312.0896;%%",
}

@article{coherent,
      author         = "Akimov, D. and others",
      title          = "{Coherent Scattering Investigations at the Spallation
                        Neutron Source: a Snowmass White Paper}",
      collaboration  = "CSI Collaboration",
      year           = "2013",
      eprint         = "1310.0125",
      archivePrefix  = "arXiv",
      primaryClass   = "hep-ex",
      SLACcitation   = "%%CITATION = ARXIV:1310.0125;%%",
}

@article{cenns,
      author         = "Brice, S.J. and others",
      title          = "{A method for measuring coherent elastic neutrino-nucleus
                        scattering at a far off-axis high-energy neutrino beam
                        target}",
      journal        = "Phys.Rev.",
      number         = "7",
      volume         = "D89",
      pages          = "072004",
      doi            = "10.1103/PhysRevD.89.072004",
      year           = "2014",
      eprint         = "1311.5958",
      archivePrefix  = "arXiv",
      primaryClass   = "physics.ins-det",
      reportNumber   = "FERMILAB-PUB-13-522-E",
      SLACcitation   = "%%CITATION = ARXIV:1311.5958;%%",
}

@article{halo,
      author         = "Duba, C.A. and others",
      title          = "{HALO: The helium and lead observatory for supernova
                        neutrinos}",
      journal        = "J.Phys.Conf.Ser.",
      volume         = "136",
      pages          = "042077",
      doi            = "10.1088/1742-6596/136/4/042077",
      year           = "2008",
      SLACcitation   = "%%CITATION = 00462,136,042077;%%",
}

@article{JPARC_P_56,
      author         = "Harada, M. and Hasegawa, S. and Kasugai, Y. and Meigo, S.
                        and Sakai, K. and others",
      title          = "{Proposal: A Search for Sterile Neutrino at J-PARC
                        Materials and Life Science Experimental Facility}",
      year           = "2013",
      eprint         = "1310.1437",
      archivePrefix  = "arXiv",
      primaryClass   = "physics.ins-det",
      SLACcitation   = "%%CITATION = ARXIV:1310.1437;%%",
}

@article{KDAR,
      author         = "Spitz, J.",
      title          = "{A Sterile Neutrino Search with Kaon Decay-at-rest}",
      journal        = "Phys.Rev.",
      volume         = "D85",
      pages          = "093020",
      doi            = "10.1103/PhysRevD.85.093020",
      year           = "2012",
      eprint         = "1203.6050",
      archivePrefix  = "arXiv",
      primaryClass   = "hep-ph",
      SLACcitation   = "%%CITATION = ARXIV:1203.6050;%%",
}

@article{OscSNS,
      author         = "Elnimr, M. and others",
      title          = "{The OscSNS White Paper}",
      collaboration  = "OscSNS Collaboration",
      year           = "2013",
      eprint         = "1307.7097",
      archivePrefix  = "arXiv",
      SLACcitation   = "%%CITATION = ARXIV:1307.7097;%%",
}

@article{IsoDAR,
      author         = "Bungau, A. and Adelmann, A. and Alonso, J.R. and
                        Barletta, W. and Barlow, R. and others",
      title          = "{Proposal for an Electron Antineutrino Disappearance
                        Search Using High-Rate $^{8}$Li Production and Decay}",
      journal        = "Phys.Rev.Lett.",
      volume         = "109",
      pages          = "141802",
      doi            = "10.1103/PhysRevLett.109.141802",
      year           = "2012",
      eprint         = "1205.4419",
      archivePrefix  = "arXiv",
      primaryClass   = "hep-ex",
      SLACcitation   = "%%CITATION = ARXIV:1205.4419;%%",
}

@article{IsoDARJuno,
      author         = "Conrad, J.M. and Shaevitz, M.H.",
      title          = "{Electron Antineutrino Disappearance at KamLAND and JUNO
                        as Decisive Tests of the Short Baseline
                        $\overline{\nu}_\mu \to \overline{\nu}_e$ Appearance
                        Anomaly}",
      journal        = "Phys.Rev.",
      number         = "5",
      volume         = "D89",
      pages          = "057301",
      doi            = "10.1103/PhysRevD.89.057301",
      year           = "2014",
      eprint         = "1310.3857",
      archivePrefix  = "arXiv",
      primaryClass   = "hep-ex",
      SLACcitation   = "%%CITATION = ARXIV:1310.3857;%%",
}

@article{Captain,
      author         = "Berns, H. and others",
      title          = "{The CAPTAIN Detector and Physics Program}",
      collaboration  = "The CAPTAIN Collaboration",
      year           = "2013",
      eprint         = "1309.1740",
      archivePrefix  = "arXiv",
      primaryClass   = "physics.ins-det",
      SLACcitation   = "%%CITATION = ARXIV:1309.1740;%%",
}

