@article{bib:SOX,
      author         = "Bellini, G. and others",
      title          = "{SOX: Short distance neutrino Oscillations with
                        BoreXino}",
      collaboration  = "Borexino Collaboration",
      journal        = "JHEP",
      volume         = "1308",
      pages          = "038",
      doi            = "10.1007/JHEP08(2013)038",
      year           = "2013",
      eprint         = "1304.7721",
      archivePrefix  = "arXiv",
      primaryClass   = "physics.ins-det",
      SLACcitation   = "%%CITATION = ARXIV:1304.7721;%%",
}

@article{bib:CL,
      author         = "Gando, A. and Gando, Y. and Hayashida, S. and Ikeda, H.
                        and Inoue, K. and others",
      title          = "{CeLAND: search for a 4th light neutrino state with a 3
                        PBq 144Ce-144Pr electron antineutrino generator in
                        KamLAND}",
      year           = "2013",
      eprint         = "1312.0896",
      archivePrefix  = "arXiv",
      primaryClass   = "physics.ins-det",
      SLACcitation   = "%%CITATION = ARXIV:1312.0896;%%",
}

@article{coherent,
      author         = "Akimov, D. and others",
      title          = "{Coherent Scattering Investigations at the Spallation
                        Neutron Source: a Snowmass White Paper}",
      collaboration  = "CSI Collaboration",
      year           = "2013",
      eprint         = "1310.0125",
      archivePrefix  = "arXiv",
      primaryClass   = "hep-ex",
      SLACcitation   = "%%CITATION = ARXIV:1310.0125;%%",
}

@article{cenns,
      author         = "Brice, S.J. and Cooper, R.L. and DeJongh, F. and Empl, A.
                        and Garrison, L.M. and others",
      title          = "{A method for measuring coherent elastic neutrino-nucleus
                        scattering at a far off-axis high-energy neutrino beam
                        target}",
      journal        = "Phys.Rev.",
      number         = "7",
      volume         = "D89",
      pages          = "072004",
      doi            = "10.1103/PhysRevD.89.072004",
      year           = "2014",
      eprint         = "1311.5958",
      archivePrefix  = "arXiv",
      primaryClass   = "physics.ins-det",
      reportNumber   = "FERMILAB-PUB-13-522-E",
      SLACcitation   = "%%CITATION = ARXIV:1311.5958;%%",
}

@article{halo,
      author         = "Duba, C.A. and Duncan, F. and Farine, J. and Habig, A.
                        and Hime, A. and others",
      title          = "{HALO: The helium and lead observatory for supernova
                        neutrinos}",
      journal        = "J.Phys.Conf.Ser.",
      volume         = "136",
      pages          = "042077",
      doi            = "10.1088/1742-6596/136/4/042077",
      year           = "2008",
      SLACcitation   = "%%CITATION = 00462,136,042077;%%",
}

@article{JPARC_P_56,
      author         = "Harada, M. and Hasegawa, S. and Kasugai, Y. and Meigo, S.
                        and Sakai, K. and others",
      title          = "{Proposal: A Search for Sterile Neutrino at J-PARC
                        Materials and Life Science Experimental Facility}",
      year           = "2013",
      eprint         = "1310.1437",
      archivePrefix  = "arXiv",
      primaryClass   = "physics.ins-det",
      SLACcitation   = "%%CITATION = ARXIV:1310.1437;%%",
}

@article{KDAR,
      author         = "Spitz, J.",
      title          = "{A Sterile Neutrino Search with Kaon Decay-at-rest}",
      journal        = "Phys.Rev.",
      volume         = "D85",
      pages          = "093020",
      doi            = "10.1103/PhysRevD.85.093020",
      year           = "2012",
      eprint         = "1203.6050",
      archivePrefix  = "arXiv",
      primaryClass   = "hep-ph",
      SLACcitation   = "%%CITATION = ARXIV:1203.6050;%%",
}

@article{OscSNS,
      author         = "Elnimr, M. and others",
      title          = "{The OscSNS White Paper}",
      collaboration  = "OscSNS Collaboration",
      year           = "2013",
      eprint         = "1307.7097",
      archivePrefix  = "arXiv",
      SLACcitation   = "%%CITATION = ARXIV:1307.7097;%%",
}

@article{IsoDAR,
      author         = "Bungau, A. and Adelmann, A. and Alonso, J.R. and
                        Barletta, W. and Barlow, R. and others",
      title          = "{Proposal for an Electron Antineutrino Disappearance
                        Search Using High-Rate $^{8}$Li Production and Decay}",
      journal        = "Phys.Rev.Lett.",
      volume         = "109",
      pages          = "141802",
      doi            = "10.1103/PhysRevLett.109.141802",
      year           = "2012",
      eprint         = "1205.4419",
      archivePrefix  = "arXiv",
      primaryClass   = "hep-ex",
      SLACcitation   = "%%CITATION = ARXIV:1205.4419;%%",
}

@article{IsoDARJuno,
      author         = "Conrad, J.M. and Shaevitz, M.H.",
      title          = "{Electron Antineutrino Disappearance at KamLAND and JUNO
                        as Decisive Tests of the Short Baseline
                        $\overline{\nu}_\mu \to \overline{\nu}_e$ Appearance
                        Anomaly}",
      journal        = "Phys.Rev.",
      number         = "5",
      volume         = "D89",
      pages          = "057301",
      doi            = "10.1103/PhysRevD.89.057301",
      year           = "2014",
      eprint         = "1310.3857",
      archivePrefix  = "arXiv",
      primaryClass   = "hep-ex",
      SLACcitation   = "%%CITATION = ARXIV:1310.3857;%%",
}

@article{Captain,
      author         = "Berns, H. and others",
      title          = "{The CAPTAIN Detector and Physics Program}",
      collaboration  = "The CAPTAIN Collaboration",
      year           = "2013",
      eprint         = "1309.1740",
      archivePrefix  = "arXiv",
      primaryClass   = "physics.ins-det",
      SLACcitation   = "%%CITATION = ARXIV:1309.1740;%%",
}

