@article{Zhang:2015fya,
      author         = "Zhang, Chao",
      title          = "{Recent Results From The Daya Bay Experiment}",
      collaboration  = "for the Daya Bay Collaboration",
      year           = "2015",
      eprint         = "1501.04991",
      archivePrefix  = "arXiv",
      primaryClass   = "hep-ex",
      SLACcitation   = "%%CITATION = ARXIV:1501.04991;%%",
}
@article{Abe:2014bwa,
      author         = "Abe, Y. and others",
      title          = "{Improved measurements of the neutrino mixing angle
                        $\theta_{13}$ with the Double Chooz detector}",
      collaboration  = "Double Chooz Collaboration",
      journal        = "JHEP",
      volume         = "1410",
      pages          = "86",
      doi            = "10.1007/JHEP10(2014)086",
      year           = "2014",
      eprint         = "1406.7763",
      archivePrefix  = "arXiv",
      primaryClass   = "hep-ex",
      SLACcitation   = "%%CITATION = ARXIV:1406.7763;%%",
}
@article{Adamson:2014vgd,
      author         = "Adamson, P. and others",
      title          = "{Combined analysis of $\nu_{\mu}$ disappearance and
                        $\nu_{\mu} \rightarrow \nu_{e}$ appearance in MINOS using
                        accelerator and atmospheric neutrinos}",
      collaboration  = "MINOS Collaboration",
      journal        = "Phys.Rev.Lett.",
      volume         = "112",
      pages          = "191801",
      doi            = "10.1103/PhysRevLett.112.191801",
      year           = "2014",
      eprint         = "1403.0867",
      archivePrefix  = "arXiv",
      primaryClass   = "hep-ex",
      reportNumber   = "FERMILAB-PUB-14-028-E-PPD",
      SLACcitation   = "%%CITATION = ARXIV:1403.0867;%%",
}
@article{Abe:2015awa,
      author         = "Abe, K. and others",
      title          = "{Measurements of neutrino oscillation in appearance and
                        disappearance channels by the T2K experiment with 6.6E20
                        protons on target}",
      collaboration  = "T2K Collaboration",
      year           = "2015",
      eprint         = "1502.01550",
      archivePrefix  = "arXiv",
      primaryClass   = "hep-ex",
      SLACcitation   = "%%CITATION = ARXIV:1502.01550;%%",
}
@article{Wendell:2014dka,
      author         = "Wendell, Roger",
      title          = "{Atmospheric Results from Super-Kamiokande}",
      collaboration  = "for the Super-Kamiokande Collaboration",
      year           = "2014",
      eprint         = "1412.5234",
      archivePrefix  = "arXiv",
      primaryClass   = "hep-ex",
      SLACcitation   = "%%CITATION = ARXIV:1412.5234;%%",
}
@article{Aartsen:2014yll,
      author         = "Aartsen, M.G. and others",
      title          = "{Determining neutrino oscillation parameters from
                        atmospheric muon neutrino disappearance with three years
                        of IceCube DeepCore data}",
      collaboration  = "IceCube Collaboration",
      year           = "2014",
      eprint         = "1410.7227",
      archivePrefix  = "arXiv",
      primaryClass   = "hep-ex",
      SLACcitation   = "%%CITATION = ARXIV:1410.7227;%%",
}
@article{Walton:2014esl,
      author         = "Walton, T. and others",
      title          = "{Measurement of muon plus proton final states in
                        $\nu_{\mu}$ Interactions on Hydrocarbon at $< E_{\nu} >$ =
                        4.2 GeV}",
      collaboration  = "MINERvA Collaboration",
      year           = "2014",
      eprint         = "1409.4497",
      archivePrefix  = "arXiv",
      primaryClass   = "hep-ex",
      reportNumber   = "FERMILAB-PUB-14-330-E",
      SLACcitation   = "%%CITATION = ARXIV:1409.4497;%%",
}
@article{Gazdzicki:2014bxa,
      author         = "Gazdzicki, Marek",
      title          = "{Recent results from NA61/SHINE}",
      collaboration  = "NA61/SHINE Collaboration",
      year           = "2014",
      eprint         = "1412.4243",
      archivePrefix  = "arXiv",
      primaryClass   = "hep-ex",
      SLACcitation   = "%%CITATION = ARXIV:1412.4243;%%",
}
@article{Bhadra:2014oma,
      author         = "Bhadra, S. and others",
      title          = "{Letter of Intent to Construct a nuPRISM Detector in the
                        J-PARC Neutrino Beamline}",
      collaboration  = "nuPRISM Collaboration",
      year           = "2014",
      eprint         = "1412.3086",
      archivePrefix  = "arXiv",
      primaryClass   = "physics.ins-det",
      SLACcitation   = "%%CITATION = ARXIV:1412.3086;%%",
}
@article{Berns:2013usa,
      author         = "Berns, H. and others",
      title          = "{The CAPTAIN Detector and Physics Program}",
      collaboration  = "The CAPTAIN Collaboration",
      year           = "2013",
      eprint         = "1309.1740",
      archivePrefix  = "arXiv",
      primaryClass   = "physics.ins-det",
      SLACcitation   = "%%CITATION = ARXIV:1309.1740;%%",
}
@article{Beacom:2003nk,
      author         = "Beacom, John F. and Vagins, Mark R.",
      title          = "{GADZOOKS! Anti-neutrino spectroscopy with large water
                        Cherenkov detectors}",
      journal        = "Phys.Rev.Lett.",
      volume         = "93",
      pages          = "171101",
      doi            = "10.1103/PhysRevLett.93.171101",
      year           = "2004",
      eprint         = "hep-ph/0309300",
      archivePrefix  = "arXiv",
      primaryClass   = "hep-ph",
      reportNumber   = "FERMILAB-PUB-03-249-A",
      SLACcitation   = "%%CITATION = HEP-PH/0309300;%%",
}