% BiBTeX Sample Database
%%%%%%%%%%%%%%
@article{AguilarArevalo:2010zc,
      author         = "Aguilar-Arevalo, A.A. and others",
      title          = "{First Measurement of the Muon Neutrino Charged Current
                        Quasielastic Double Differential Cross Section}",
      collaboration  = "MiniBooNE Collaboration",
      journal        = "Phys.Rev.",
      volume         = "D81",
      pages          = "092005",
      doi            = "10.1103/PhysRevD.81.092005",
      year           = "2010",
      SLACcitation   = "%%CITATION = ARXIV:1002.2680;%%",
}
    
@article{AguilarArevalo:2007it,
      author         = "Aguilar-Arevalo, A.A. and others",
      title          = "{A Search for electron neutrino appearance at the $\Delta
                        m^{2} \sim 1$eV$^{2}$ scale}",
      collaboration  = "MiniBooNE Collaboration",
      journal        = "Phys.Rev.Lett.",
      volume         = "98",
      pages          = "231801",
      doi            = "10.1103/PhysRevLett.98.231801",
      year           = "2007",
      eprint         = "0704.1500",
      archivePrefix  = "arXiv",
      primaryClass   = "hep-ex",
      reportNumber   = "FERMILAB-PUB-07-085-E, LA-UR-07-2246",
      SLACcitation   = "%%CITATION = ARXIV:0704.1500;%%",
}

@article{Amaro:2010sd,
      author         = "Amaro, J.E. and Barbaro, M.B. and Caballero, J.A. and
                        Donnelly, T.W. and Williamson, C.F.",
      title          = "{Meson-exchange currents and quasielastic neutrino cross
                        sections in the SuperScaling Approximation model}",
      journal        = "Phys.Lett.",
      volume         = "B696",
      pages          = "151-155",
      doi            = "10.1016/j.physletb.2010.12.007",
      year           = "2011",
      SLACcitation   = "%%CITATION = ARXIV:1010.1708;%%",
}

@article{Hiraide:2006zq,
      author         = "Hiraide, K.",
      title          = "{The SciBar detector at FNAL booster neutrino
                        experiment}",
      collaboration  = "SciBooNE Collaboration",
      journal        = "Nucl.Phys.Proc.Suppl.",
      volume         = "159",
      pages          = "85-90",
      doi            = "10.1016/j.nuclphysbps.2006.08.052",
      year           = "2006",
      SLACcitation   = "%%CITATION = NUPHZ,159,85;%%",
}
@article{Amaro:2008hd,
      author         = "Amaro, J.E. and Hernandez, E. and Nieves, J. and
                        Valverde, M.",
      title          = "{Theoretical study of neutrino-induced coherent pion
                        production off nuclei at T2K and MiniBooNE energies}",
      journal        = "Phys.Rev.",
      volume         = "D79",
      pages          = "013002",
      doi            = "10.1103/PhysRevD.79.013002",
      year           = "2009",
      eprint         = "0811.1421",
      archivePrefix  = "arXiv",
      primaryClass   = "hep-ph",
      SLACcitation   = "%%CITATION = ARXIV:0811.1421;%%",
}
@article{Nieves:2011yp,
      author         = "Nieves, J. and Ruiz Simo, I. and Vicente Vacas, M.J.",
      title          = "{The nucleon axial mass and the MiniBooNE Quasielastic
                        Neutrino-Nucleus Scattering problem}",
      journal        = "Phys.Lett.",
      volume         = "B707",
      pages          = "72-75",
      doi            = "10.1016/j.physletb.2011.11.061",
      year           = "2012",
      SLACcitation   = "%%CITATION = ARXIV:1106.5374;%%",
}
@article{Martini:2011wp,
      author         = "Martini, M. and Ericson, M. and Chanfray, G.",
      title          = "{Neutrino quasielastic interaction and nuclear dynamics}",
      journal        = "Phys.Rev.",
      volume         = "C84",
      pages          = "055502",
      doi            = "10.1103/PhysRevC.84.055502",
      year           = "2011",
 
}
@article{Hernandez:2010jf,
      author         = "Hernandez, E. and Nieves, J. and Valverde, M.",
      title          = "{Coherent pion production off nuclei at T2K and MiniBooNE
                        energies revisited}",
      journal        = "Phys.Rev.",
      volume         = "D82",
      pages          = "077303",
      doi            = "10.1103/PhysRevD.82.077303",
      year           = "2010",
      eprint         = "1007.3685",
      archivePrefix  = "arXiv",
      primaryClass   = "hep-ph",
      SLACcitation   = "%%CITATION = ARXIV:1007.3685;%%",
}
@article{Martini:2009uj,
      author         = "Martini, M. and Ericson, M. and Chanfray, G. and Marteau,
                        J.",
      title          = "{A Unified approach for nucleon knock-out, coherent and
                        incoherent pion production in neutrino interactions with
                        nuclei}",
      journal        = "Phys.Rev.",
      volume         = "C80",
      pages          = "065501",
      doi            = "10.1103/PhysRevC.80.065501",
      year           = "2009",
      eprint         = "0910.2622",
      archivePrefix  = "arXiv",
      primaryClass   = "nucl-th",
      reportNumber   = "LYCEN-2009-10, CERN-TH-PH-2009-192, CERN-PH-TH-2009-192",
      SLACcitation   = "%%CITATION = ARXIV:0910.2622;%%",
}

@Article{Acciarri:2014,
 author        = "Acciarri, R. and others",
 collaboration = "ArgoNeuT Collaboration",
 title         = "Detection of back-to-back proton pairs in charged-current neutrino
interactions with the ArgoNeuT detector in the NuMI low energy beam line",
 journal       = "Phys. Rev.",
 volume        = "D90",
 pages         = "012008",
 year          = "2014",
 eprint        = "1405.4261",
 primaryClass   = "nucl-ex", 
 archivePrefix = "arXiv",
  SLACcitation   = "%%CITATION = ARXIV:1405.4261;%%",
}

@misc{t2k,      
      author  = "{T2K Collaboration}",
      howpublished  = {\url{http://t2k-experiment.org}}
}

@misc{miniboone,      
      author  = "{MiniBooNE Collaboration}",
      howpublished   = {\url{http://www-boone.fnal.gov}}
}

@misc{sciboone,      
      author  = "{SciBooNE Collaboration}",
      howpublished   = {\url{http://www-sciboone.fnal.gov/}}
}

@article{Abe:2014nox,
      author         = "Abe, K. and others",
      title          = "{Measurement of the inclusive $\nu_{\mu}$ charged current
                        cross section on iron and hydrocarbon in the T2K on-axis
                        neutrino beam}",
      collaboration  = "T2K Collaboration",
      journal        = "Phys.Rev.",
      number         = "5",
      volume         = "D90",
      pages          = "052010",
      doi            = "10.1103/PhysRevD.90.052010",
      year           = "2014",
      eprint         = "1407.4256",
      archivePrefix  = "arXiv",
      primaryClass   = "hep-ex",
      SLACcitation   = "%%CITATION = ARXIV:1407.4256;%%",
}


@misc{minerva,      
      author  = "{MINERvA Collaboration}",
      howpublished   = "\url{http://minerva.fnal.gov/}",
}

@misc{minos,      
      author  = "{MINOS Collaboration}",
      howpublished   = {\url{http://www-numi.fnal.gov/}}
}

@article{Adams:2013uaa,
      author         = "Adams, C. and others",
      title          = "{LAr1-ND: Testing Neutrino Anomalies with Multiple LArTPC
                        Detectors at Fermilab}",
      collaboration  = "LArTPC Collaboration",
      year           = "2013",
      eprint         = "1309.7987",
      archivePrefix  = "arXiv",
      primaryClass   = "physics.ins-det",
      SLACcitation   = "%%CITATION = ARXIV:1309.7987;%%",
}

@article{Bhadra:2014oma,
      author         = "Bhadra, S. and Blondel, A. and Bordoni, S. and Bravar, A.
                        and Bronner, C. and others",
      title          = "{Letter of Intent to Construct a nuPRISM Detector in the
                        J-PARC Neutrino Beamline}",
      year           = "2014",
      eprint         = "1412.3086",
      archivePrefix  = "arXiv",
      primaryClass   = "physics.ins-det",
      SLACcitation   = "%%CITATION = ARXIV:1412.3086;%%",
}

@article{Perdrisat:2006hj,
      author         = "Perdrisat, C.F. and Punjabi, V. and Vanderhaeghen, M.",
      title          = "{Nucleon Electromagnetic Form Factors}",
      journal        = "Prog.Part.Nucl.Phys.",
      volume         = "59",
      pages          = "694-764",
      doi            = "10.1016/j.ppnp.2007.05.001",
      year           = "2007",
      eprint         = "hep-ph/0612014",
      archivePrefix  = "arXiv",
      primaryClass   = "hep-ph",
      reportNumber   = "WM-06-115, JLAB-THY-06-595",
      SLACcitation   = "%%CITATION = HEP-PH/0612014;%%",
}

@article{Bhattacharya:2011ah,
      author         = "Bhattacharya, Bhubanjyoti and Hill, Richard J. and Paz,
                        Gil",
      title          = "{Model independent determination of the axial mass
                        parameter in quasielastic neutrino-nucleon scattering}",
      journal        = "Phys.Rev.",
      volume         = "D84",
      pages          = "073006",
      doi            = "10.1103/PhysRevD.84.073006",
      year           = "2011",
      eprint         = "1108.0423",
      archivePrefix  = "arXiv",
      primaryClass   = "hep-ph",
      reportNumber   = "EFI-11-23",
      SLACcitation   = "%%CITATION = ARXIV:1108.0423;%%",
}

@article{Tice:2014pgu,
      author         = "Tice, B.G. and others",
      title          = "{Measurement of Ratios of $\nu_{\mu}$ Charged-Current
                        Cross Sections on C, Fe, and Pb to CH at Neutrino Energies
                        2-20 GeV}",
      collaboration  = "MINERvA Collaboration",
      journal        = "Phys.Rev.Lett.",
      number         = "23",
      volume         = "112",
      pages          = "231801",
      doi            = "10.1103/PhysRevLett.112.231801",
      year           = "2014",
      eprint         = "1403.2103",
      archivePrefix  = "arXiv",
      primaryClass   = "hep-ex",
      reportNumber   = "FERMILAB-PUB-14-025-E",
      SLACcitation   = "%%CITATION = ARXIV:1403.2103;%%",
}

@article{Bhadra:2014oma,
      author         = "Bhadra, S. and Blondel, A. and Bordoni, S. and Bravar, A.
                        and Bronner, C. and others",
      title          = "{Letter of Intent to Construct a nuPRISM Detector in the
                        J-PARC Neutrino Beamline}",
      year           = "2014",
      eprint         = "1412.3086",
      archivePrefix  = "arXiv",
      primaryClass   = "physics.ins-det",
      SLACcitation   = "%%CITATION = ARXIV:1412.3086;%%",
}

@article{NNIC-white,
	author = "Lovato, A. and others"
	title	   = "Quantum Monte Carlo Methods for Neutrino-nucleus Interactions"
    reportNumber = "FERMILAB-FN-0997-ND-T"
}
    
    
    